% This is a BibTeX file for your references.
% You can add your references here in BibTeX format.
% For example:
% @article{he2016deep,
%   title={Deep residual learning for image recognition},
%   author={He, Kaiming and Zhang, Xiangyu and Ren, Shaoqing and Sun, Jian},
%   journal={Proceedings of the IEEE conference on computer vision and pattern recognition},
%   pages={770--778},
%   year={2016}
% } 